@article{MSSB201404007,
  author  = {何清 and  李宁 and  罗文娟 and  史忠植},
  title   = {大数据下的机器学习算法综述},
  journal = {模式识别与人工智能},
  volume  = {27},
  number  = {04},
  pages   = {327-336},
  year    = {2014},
  issn    = {1003-6059},
  doi     = {10.16451/j.cnki.issn1003-6059.2014.04.009}
}

@article{TJLT200705022,
  author  = {陈凯 and 朱钰},
  title   = {机器学习及其相关算法综述},
  journal = {统计与信息论坛},
  volume  = {},
  number  = {05},
  pages   = {105-112},
  year    = {2007},
  issn    = {1007-3116}
}